@inproceedings{phedex-chep06,
  author = {J. Rehn and T. Barass and D. Bonacorsi and J. Hernandez and I. Semeniouk and L. Tuura and Y. Wu},
  title  = {{PhEDEx} high-throughput data transfer management system},
  booktitle = {Computing in High Energy Physics 2006 ({CHEP06})},
  year   = {2006}
}

@article{phedex-chep07,
  author={L. Tuura and  B. Bockelman and  D. Bonacorsi and R. Egeland and D. Feichtinger and S. Metson and J. Rehn},
  title={Scaling {CMS} data transfer system for {LHC} start-up},
  journal={Journal of Physics: Conference Series},
  volume={119},
  number={7},
  pages={072030 (10pp)},
  url={http://stacks.iop.org/1742-6596/119/072030},
  year={2008}
}

@misc{ddt-final,
  author={M.Kadastik and O.Kodolova and J.Letts and N.Magini},
  title={{DDT} Final Report: Experience Debugging Data Transfers in {CSA07}},
  number={{CMS} IN-2008/004},
  howpublished={Internal document},
  year={2008}
}

@misc{ccrc08,
  author={L. Buaerdick and D. Bonacorsi},
  title={{CCRC'08}/phase 2:  {CMS}},
  howpublished={presentation at {CCRC} post-mortem workshop - {CERN}},
  year={2008},
  month={June}
}

@misc{poe,
  author={Rocco Caputo},
  title={{POE}: The Perl Object Environment},
  note={http://poe.perl.org/poedown/poe-whitepaper-a4.pdf},
  url={http://poe.perl.org/poedown/poe-whitepaper-a4.pdf},
  year={2003}
}

@misc{fts,
  note={http://egee-jra1-dm.web.cern.ch/egee-jra1-dm/FTS},
  key={dummy}
}

@techreport{cms-proposal,
  title={{CMS} Technical Proposal},
  author={{CMS Collaboration}},
  year={1994},
  institution={CERN/LHCC},
  number={1994-38}
}

@techreport{cms-comp-proposal,
  title={The {Compact Muon Solenoid} Computing Technical Proposal},
  author={{CMS Collaboration}},
  year={1996},
  institution={CERN/LHCC},
  number={1996-045}
}

@techreport{cms-comp-tdr,
  title={The {CMS} Computing Project Technical Design Report},
  author={{CMS Collaboration}},
  year={2005},
  institution={CERN/LHCC},
  number={2005-023}
}

@techreport{cms-comp-model,
  title={The {CMS} Computing Model},
  author={{CMS Collaboration}},
  year={2004},
  institution={CERN/LHCC},
  number={2004-035}
}
